@misc{omnia,
  author  = {Jane Knight},
  journal = {omnia},
  title   = {Vortex Mathematics: Decoding The Fingerprint Of God},
  year    = {2021},
  url     = {https://www.omniaradiationbalancer.com/blogs/news/vortex-mathematics},
}

@misc{cremona,
  author={Luigi Cremona},
  url={https://en.wikipedia.org/wiki/Cardioid#Cardioid_as_envelope_of_a_pencil_of_lines}, journal={Wikipedia}, 
  publisher={Wikimedia Foundation}, 
  year={2023}, 
  month={Jul}
}

@misc{powell,
  author={Randy Powell},
  title={Introduction to Vortex Mathematics},
  url={https://gannjourney.com/intro-vortex-mathematics/},
  journal={Gann Journey},
  year={2010},
  month={Apr}
}

@misc{steinhauser,
  author={Tim Steinhauser},
  title={Vortex Mathe nach Nikola Tesla Bedeutung von 3,6\&9 in der angewandten Philosophie},
  url={https://www.youtube.com/watch?v=f4TiYjj0YSo},
  journal={YouTube},
  year={2020},
  month={Dec}
}

@misc{goodreads,
  author={Nikola Tesla},
  url={https://www.goodreads.com/quotes/817968-if-you-only-knew-the-magnificence-of-the-3-6},
  journal={goodreads}
}

@book{Lamberty_Nocun_2022, 
  place={Köln}, 
  title={Gefährlicher Glaube: Die Radikale Gedankenwelt der Esoterik}, 
  publisher={Quadriga}, 
  author={Lamberty, Pia and Nocun, Katharina}, 
  year={2022},
  isbn={978-3-86995-111-9}
}

@misc{theproblemsite,
  journal={The problem site},
  title={Vortex Based Math - Ask Professor Puzzler},
  url={https://www.theproblemsite.com/vortex/}
}